@article{np,
    title = {The Complexity of Some Problems on Subsequences and Supersequences},
    author = {David Maier},
    pages = {322--336},
    year = {1978},
    publisher = {J. ACM. ACM Press},
}

@article{cg,
    title = {A new algorithm for “the LCS problem” with application in compressing genome resequencing data},
    author = {R. Beal and T. Afrin and A. Farheen and D. Adjeroh},
    pages = {370--380},
    year = {2016},
    publisher = {BMC Genomics},
}

@article{dc,
    title = {Data Compression: Methods and Theory},
    author = {J. Storer},
    year = {1988},
    publisher = {Computer Science Press, MD},
}
